<record><leader>00000cas a22000007a 4500</leader><controlfield tag="001">11378124</controlfield><controlfield tag="008">841113d19uu1989fludn ne      0   a0eng d</controlfield><datafield ind1=" " ind2=" " tag="010"><subfield code="a">sn 84001811 </subfield></datafield><datafield ind1=" " ind2=" " tag="040"><subfield code="a">NSD</subfield><subfield code="b">eng</subfield><subfield code="c">NSD</subfield><subfield code="d">OCLCQ</subfield></datafield><datafield ind1=" " ind2=" " tag="012"><subfield code="j">0</subfield><subfield code="m">d</subfield></datafield><datafield ind1="1" ind2=" " tag="022"><subfield code="a">8750-3999</subfield><subfield code="l">8750-3999</subfield><subfield code="2">1</subfield></datafield><datafield ind1=" " ind2=" " tag="037"><subfield code="b">Sun-Tattler, Box 1968, Hollywood, FL 33022</subfield></datafield><datafield ind1=" " ind2=" " tag="042"><subfield code="a">nsdp</subfield></datafield><datafield ind1=" " ind2="0" tag="222"><subfield code="a">Sun-tattler</subfield></datafield><datafield ind1="0" ind2="0" tag="245"><subfield code="a">Sun-tattler.</subfield></datafield><datafield ind1=" " ind2=" " tag="260"><subfield code="a">Hollywood, Fla. :</subfield><subfield code="b">Sun-Tattler Co.</subfield></datafield><datafield ind1=" " ind2=" " tag="310"><subfield code="a">Daily (Mon.-Sat.)</subfield></datafield><datafield ind1="1" ind2=" " tag="362"><subfield code="a">Ceased in 1989.</subfield></datafield><datafield ind1=" " ind2=" " tag="588"><subfield code="a">Description based on: Monday, Oct. 8, 1984.</subfield></datafield><datafield ind1=" " ind2=" " tag="752"><subfield code="a">United States</subfield><subfield code="b">Florida</subfield><subfield code="c">Broward</subfield><subfield code="d">Hollywood.</subfield></datafield><datafield ind1="0" ind2="0" tag="780"><subfield code="t">Hollywood sun-tattler</subfield></datafield><datafield ind1="0" ind2="0" tag="785"><subfield code="t">Hollywood sun</subfield><subfield code="x">1047-6547</subfield><subfield code="w">(DLC)sn 89002105</subfield></datafield><datafield ind1=" " ind2=" " tag="936"><subfield code="a">Oct. 8, 1984</subfield></datafield></record>